@article{Einstein1915,
author = {Einstein, Albert},
journal = {Preussische Akademie der Wissenschaften, Sitzungsberichte},
pages = {844--847},
title = {{Feldgleichungen der Gravitation}},
volume = {2},
year = {1915}
}
